<?xml version="1.0" encoding="UTF-8"?><collection xmlns="http://www.loc.gov/MARC21/slim"><record><leader>00442nam--2200145-i-4500</leader><controlfield tag="001">000037813</controlfield><controlfield tag="002">20161230</controlfield><controlfield tag="005">20161230201041</controlfield><controlfield tag="008">060222s1000------------r-----000-0-eng-d</controlfield><datafield ind1=" " ind2=" " tag="080"><subfield code="a">621.382</subfield></datafield><datafield ind1=" " ind2=" " tag="100"><subfield code="a">Ramshaw, Raymond</subfield></datafield><datafield ind1=" " ind2=" " tag="245"><subfield code="a">Power electronics. thrystor controlled power for electric motors</subfield></datafield><datafield ind1=" " ind2=" " tag="260"><subfield code="a">London, Chapman And Hall, 1973, X + 213p</subfield></datafield><datafield ind1=" " ind2=" " tag="490"><subfield code="a">Modern Electrical Studies. A Series Edited By Prof.G.D.Sims</subfield></datafield><datafield ind1=" " ind2=" " tag="852"><subfield code="a">42684</subfield></datafield></record></collection>